% Encoding: windows-1252

@INPROCEEDINGS{orting2018,
  author = {{\O}rting, Silas Nyboe and Petersen, Jens and Thomsen, Laura H and
	Wille, Mathilde MW and de Bruijne, Marleen},
  title = {Detecting emphysema with multiple instance learning},
  booktitle = {Proc. of International Symposium on Biomedical Imaging, Washington,
	United  States,  pp. 510--513},
  year = {2018}
}

@INPROCEEDINGS{adel2018,
  author = {Adel, David and Mounir, John and El-Shafey, Mahmoud and Eldin, Youssef
	Alaa and El Masry, Noha and AbdelRaouf, Ashraf and Elhamid, Ihab
	S Abd},
  title = {Oral Epithelial Dysplasia Computer Aided Diagnostic Approach},
  booktitle = {Proc. of International Conference on Computer Engineering and Systems,
	Cairo, Egypt,  pp. 313--318},
  year = {2018}
}

@ARTICLE{aha1991,
  author = {Aha, David W and Kibler, Dennis and Albert, Marc K},
  title = {Instance-based learning algorithms},
  journal = {Machine Learning},
  year = {1991},
  volume = {6},
  pages = {37--66},
  owner = {raju.pal},
  publisher = {Springer},
  timestamp = {2019.06.14}
}

@INCOLLECTION{ahmed2017,
  author = {Ahmed, Hanan and Shedeed, Howida A and Hamad, Safwat and Tolba, Mohamed
	F},
  title = {On Combining Nature-Inspired Algorithms for Data Clustering},
  booktitle = {Proc. of Handbook of Research on Machine Learning Innovations and
	Trends, pp. 826--855},
  publisher = {IGI Global},
  year = {2017},
  owner = {raju.pal},
  timestamp = {2019.06.14}
}

@INPROCEEDINGS{alahi2012,
  author = {Alahi, Alexandre and Ortiz, Raphael and Vandergheynst, Pierre},
  title = {Freak: Fast retina keypoint},
  booktitle = {Proc. of IEEE Conference on Computer Vision and Pattern Recognition,
	Rhode Island, England, pp. 510--517},
  year = {2012},
  month = {June,}
}

@ARTICLE{albiol2008,
  author = {Albiol, Alberto and Monzo, David and Martin, Antoine and Sastre,
	Jorge and Albiol, Antonio},
  title = {Face recognition using HOG--EBGM},
  journal = {Pattern Recognition Letters},
  year = {2008},
  volume = {29},
  pages = {1537-1543},
  owner = {raju.pal},
  publisher = {Elsevier},
  timestamp = {2019.06.14}
}

@ARTICLE{ali2012,
  author = {Ali, Sahirzeeshan and Madabhushi, Anant},
  title = {An integrated region-, boundary-, shape-based active contour for
	multiple object overlap resolution in histological imagery},
  journal = {IEEE Transactions on Medical Imaging},
  year = {2012},
  volume = {31},
  pages = {1448--1460},
  publisher = {IEEE}
}

@ARTICLE{al2016,
  author = {Al-Roomi, Ali R and El-Hawary, Mohamed E},
  title = {Metropolis biogeography-based optimization},
  journal = {Information Sciences},
  year = {2016},
  volume = {360},
  pages = {73-95},
  owner = {raju.pal},
  publisher = {Elsevier},
  timestamp = {2019.06.14}
}

@ARTICLE{arevalo2014,
  author = {Ar{\'e}valo, John and Cruz-Roa, Angel and others},
  title = {Histopathology image representation for automatic analysis: A state-of-the-art
	review},
  journal = {Revista Med},
  year = {2014},
  volume = {22},
  pages = {79-91},
  publisher = {Universidad Militar Nueva Granada}
}

@ARTICLE{arevalo2015,
  author = {Arevalo, John and Cruz-Roa, Angel and Arias, Viviana and Romero,
	Eduardo and Gonz{\'a}lez, Fabio A},
  title = {An unsupervised feature learning framework for basal cell carcinoma
	image analysis},
  journal = {Artificial Intelligence in Medicine},
  year = {2015},
  volume = {64},
  pages = {131--145},
  publisher = {Elsevier}
}

@ARTICLE{Avni2010,
  author = {Avni, Uri and Greenspan, Hayit and Konen, Eli and Sharon, Michal
	and Goldberger, Jacob},
  title = {X-ray categorization and retrieval on the organ and pathology level,
	using patch-based visual words},
  journal = {IEEE Transactions on Medical Imaging},
  year = {2010},
  volume = {30},
  pages = {733--746},
  __markedentry = {[raju3:6]},
  publisher = {IEEE}
}

@ARTICLE{babu1994clustering,
  author = {Babu, G Phanendra and Murty, M Narasimha},
  title = {Clustering with evolution strategies},
  journal = {Pattern Recognition},
  year = {1994},
  volume = {27},
  pages = {321--329}
}

@ARTICLE{Balis2011,
  author = {UlyssesJ Balis and JasonD Hipp and JeromeY Cheng and Mehmet Toner
	and RonaldG Tompkins},
  title = {Spatially Invariant Vector Quantization: A pattern matching algorithm
	for multiple classes of image subject matter including pathology},
  journal = {Journal of Pathology Informatics},
  year = {2011},
  volume = {2},
  pages = {13},
  doi = {10.4103/2153-3539.77175},
  publisher = {Medknow}
}

@ARTICLE{Bansal2014,
  author = {Bansal, Jagdish Chand and Sharma, Harish and Jadon, Shimpi Singh
	and Clerc, Maurice},
  title = {Spider monkey optimization algorithm for numerical optimization},
  journal = {Memetic Computing},
  year = {2014},
  volume = {6},
  pages = {31--47}
}

@INPROCEEDINGS{Bansal2016,
  author = {Bansal, Nupur and Kumar, Sanjay and Tripathi, Ashish},
  title = {Application of artificial BEE colony algorithm using Hadoop},
  booktitle = {Proc. of International Conference on Computing for Sustainable Global
	Development, Delhi, India, pp. 3615--3619},
  year = {2016},
  owner = {raju.pal},
  timestamp = {2019.06.14}
}

@INPROCEEDINGS{Bar2015,
  author = {Bar, Yaniv and Diamant, Idit and Wolf, Lior and Lieberman, Sivan
	and Konen, Eli and Greenspan, Hayit},
  title = {Chest pathology detection using deep learning with non-medical training},
  booktitle = {Proc. of IEEE International Symposium on Biomedical Imaging, New
	York, United States, pp. 294--297},
  year = {2015},
  __markedentry = {[raju.pal:6]},
  owner = {raju.pal},
  timestamp = {2019.02.14}
}

@ARTICLE{basavanhally2009,
  author = {Basavanhally, Ajay Nagesh and Ganesan, Shridar and Agner, Shannon
	and Monaco, James Peter and Feldman, Michael D and Tomaszewski, John
	E and Bhanot, Gyan and Madabhushi, Anant},
  title = {Computerized image-based detection and grading of lymphocytic infiltration
	in HER2+ breast cancer histopathology},
  journal = {IEEE Transactions on Biomedical Engineering},
  year = {2009},
  volume = {57},
  pages = {642--653},
  publisher = {IEEE}
}

@ARTICLE{bay2008,
  author = {Bay, Herbert and Ess, Andreas and Tuytelaars, Tinne and Van Gool,
	Luc},
  title = {Speeded-up robust features (SURF)},
  journal = {Computer Vision and Image Understanding},
  year = {2008},
  volume = {110},
  pages = {346-359},
  owner = {raju.pal},
  publisher = {Elsevier},
  timestamp = {2019.01.16}
}

@ARTICLE{bezdek1973cluster,
  author = {Bezdek, James C},
  title = {Cluster validity with fuzzy sets},
  journal = {Journal of Cybernetics},
  year = {1973},
  volume = {3},
  pages = {58-73}
}

@INPROCEEDINGS{bezdek1994genetic,
  author = {Bezdek, James C and Boggavarapu, Srinivas and Hall, Lawrence O and
	Bensaid, Amine},
  title = {Genetic algorithm guided clustering},
  booktitle = {Proc. of IEEE Conference on World Congress on Computational Intelligence,
	USA},
  year = {pp. 34--39, 1994}
}

@ARTICLE{bhargava2006,
  author = {Bhargava, Rohit and Fernandez, Daniel C and Hewitt, Stephen M and
	Levin, Ira W},
  title = {High throughput assessment of cells and tissues: Bayesian classification
	of spectral metrics from infrared vibrational spectroscopic imaging
	data},
  journal = {Biochimica et Biophysica Acta (BBA)-Biomembranes},
  year = {2006},
  volume = {1758},
  pages = {830--845},
  publisher = {Elsevier}
}

@ARTICLE{bong2012,
  author = {Bong, CW and Rajeswari, M},
  title = {Multiobjective clustering with metaheuristic: current trends and
	methods in image segmentation},
  journal = {IET Image Processing},
  year = {2012},
  volume = {6},
  pages = {1--10},
  owner = {raju.pal},
  publisher = {IET},
  timestamp = {2019.06.14}
}

@ARTICLE{bouguettaya2015efficient,
  author = {Bouguettaya, Athman and Yu, Qi and Liu, Xumin and Zhou, Xiangmin
	and Song, Andy},
  title = {Efficient agglomerative hierarchical clustering},
  journal = {Expert Systems with Applications},
  year = {2015},
  volume = {42},
  pages = {2785--2797}
}

@INPROCEEDINGS{boureau2010,
  author = {Boureau, Y-Lan and Bach, Francis and LeCun, Yann and Ponce, Jean},
  title = {Learning mid-level features for recognition},
  booktitle = {Proc. of IEEE Computer Society Conference on Computer Vision and
	Pattern Recognition, San Francisco, California, pp.2559--2566},
  year = {2010},
  month = {June,}
}

@INPROCEEDINGS{brest2017single,
  author = {Brest, Janez and Mau{\v{c}}ec, Mirjam Sepesy and Bo{\v{s}}kovi{\'c},
	Borko},
  title = {Single objective real-parameter optimization: Algorithm jSO},
  booktitle = {Proc. of IEEE congress on evolutionary computation, San Sebastian,
	Spain, pp. 1311--1318},
  year = {2017},
  month = {June,}
}

@ARTICLE{brighton2002,
  author = {Brighton, Henry and Mellish, Chris},
  title = {Advances in instance selection for instance-based learning algorithms},
  journal = {Data Mining and Knowledge Discovery},
  year = {2002},
  volume = {6},
  pages = {153--172},
  owner = {raju.pal},
  publisher = {Springer},
  timestamp = {2019.06.18}
}

@ARTICLE{Bruckstein2009,
  author = {Bruckstein, Alfred M and Donoho, David L and Elad, Michael},
  title = {From sparse solutions of systems of equations to sparse modeling
	of signals and images},
  journal = {SIAM Review},
  year = {2009},
  volume = {51},
  pages = {34--81},
  publisher = {SIAM}
}

@INPROCEEDINGS{caicedo2009,
  author = {Caicedo, Juan C and Cruz, Angel and Gonzalez, Fabio A},
  title = {Histopathology image classification using bag of features and kernel
	functions},
  booktitle = {Proc. of Conference on Artificial Intelligence in Medicine in Europe,
	Verona, Italy, pp. 126--135},
  year = {2009},
  month = {July,}
}

@ARTICLE{calonder2011,
  author = {Calonder, Michael and Lepetit, Vincent and Ozuysal, Mustafa and Trzcinski,
	Tomasz and Strecha, Christoph and Fua, Pascal},
  title = {BRIEF: Computing a local binary descriptor very fast},
  journal = {IEEE Transactions on Pattern Analysis and Machine Intelligence},
  year = {2011},
  volume = {34},
  pages = {1281--1298},
  publisher = {IEEE}
}

@INPROCEEDINGS{chang2013,
  author = {Chang, Hang and Nayak, Nandita and Spellman, Paul T and Parvin, Bahram},
  title = {Characterization of tissue histopathology via predictive sparse decomposition
	and spatial pyramid matching},
  booktitle = {Proc. of International Conference on Medical Image Computing and
	Computer-Assisted Intervention, Nagoya, Japan, pp. 91--98},
  year = {2013},
  month = {Sep.,},
  owner = {raju.pal},
  timestamp = {2019.01.19}
}

@INPROCEEDINGS{chang2005,
  author = {Chang, KC and Lee, RG and Wen, C and Yeh, MF},
  title = {Comparison of similarity measures for clustering electrocardiogram
	complexes},
  booktitle = {Proc. of Conference on Computers in Cardiology, Lyon, France, pp.
	759--762},
  year = {2005},
  owner = {raju.pal},
  timestamp = {2019.06.14}
}

@ARTICLE{Chapelle1999,
  author = {Chapelle, Olivier and Haffner, Patrick and Vapnik, Vladimir N},
  title = {Support vector machines for histogram-based image classification},
  journal = {IEEE Transactions on Neural Networks},
  year = {1999},
  volume = {10},
  pages = {1055--1064},
  owner = {raju.pal},
  publisher = {IEEE},
  timestamp = {2019.06.14}
}

@ARTICLE{chavent2007divclus,
  author = {Chavent, Marie and Lechevallier, Yves and Briant, Olivier},
  title = {DIVCLUS-T: A monothetic divisive hierarchical clustering method},
  journal = {Computational Statistics \& Data Analysis},
  year = {2007},
  volume = {52},
  pages = {687--701}
}

@ARTICLE{chen2016,
  author = {Chen, Xu and Tianfield, Huaglory and Du, Wenli and Liu, Guohai},
  title = {Biogeography-based optimization with covariance matrix based migration},
  journal = {Applied Soft Computing},
  year = {2016},
  volume = {45},
  pages = {71-85},
  owner = {raju.pal},
  publisher = {Elsevier},
  timestamp = {2019.06.14}
}

@INPROCEEDINGS{cruz2013,
  author = {Cruz-Roa, Angel Alfonso and Ovalle, John Edison Arevalo and Madabhushi,
	Anant and Osorio, Fabio Augusto Gonz{\'a}lez},
  title = {A deep learning architecture for image representation, visual interpretability
	and automated basal-cell carcinoma cancer detection},
  booktitle = {Proc. of International Conference on Medical Image Computing and
	Computer-Assisted Intervention, Nagoya, Japan, pp. 403-410},
  year = {2013}
}

@INPROCEEDINGS{Cruz-Roa2013,
  author = {Cruz-Roa, Angel Alfonso and Ovalle, John Edison Arevalo and Madabhushi,
	Anant and Osorio, Fabio Augusto Gonz{\'a}lez},
  title = {A deep learning architecture for image representation, visual interpretability
	and automated basal-cell carcinoma cancer detection},
  booktitle = {Proc. of International Conference on Medical Image Computing and
	Computer-Assisted Intervention, Nagoya, Japan, pp. 403--410},
  year = {2013},
  month = {Sep.},
  owner = {raju.pal},
  timestamp = {2019.01.19}
}

@INPROCEEDINGS{Cruz-Roa2014,
  author = {Angel Cruz-Roa and Ajay Basavanhally and Fabio Gonz{\'{a}}lez and
	Hannah Gilmore and Michael Feldman and Shridar Ganesan and Natalie
	Shih and John Tomaszewski and Anant Madabhushi},
  title = {Automatic detection of invasive ductal carcinoma in whole slide images
	with convolutional neural networks},
  booktitle = {Proc.of SPIE, Medical Imaging 2014: Digital Pathology, California,
	USA, pp. 1-15},
  year = {2014},
  month = {Mar,},
  doi = {10.1117/12.2043872}
}

@ARTICLE{cruz2011,
  author = {Cruz-Roa, Angel and Caicedo, Juan C and Gonz{\'a}lez, Fabio A},
  title = {Visual pattern mining in histology image collections using bag of
	features},
  journal = {Artificial Intelligence in Medicine},
  year = {2011},
  volume = {52},
  pages = {91--106},
  publisher = {Elsevier}
}

@INPROCEEDINGS{csurka2004,
  author = {Csurka, Gabriella and Dance, Christopher and Fan, Lixin and Willamowski,
	Jutta and Bray, C{\'e}dric},
  title = {Visual categorization with bags of keypoints},
  booktitle = {Proc. of Workshop on Statistical Learning in Computer Vision, Prague,
	pp. 1--2},
  year = {2004},
  month = {May,}
}

@BOOK{dasgupta2013evolutionary,
  title = {Evolutionary algorithms in engineering applications},
  publisher = {Springer Science \& Business Media},
  year = {2013},
  author = {Dasgupta, Dipankar and Michalewicz, Zbigniew}
}

@ARTICLE{dave1992adaptive,
  author = {Dave, Rajesh N and Bhaswan, Kurra},
  title = {Adaptive fuzzy c-shells clustering and detection of ellipses},
  journal = {IEEE Transactions on Neural Networks},
  year = {1992},
  volume = {3},
  pages = {643--662}
}

@ARTICLE{davidson2018,
  author = {Davidson, Benjamin and Kalitzeos, Angelos and Carroll, Joseph and
	Dubra, Alfredo and Ourselin, Sebastien and Michaelides, Michel and
	Bergeles, Christos},
  title = {Fast adaptive optics scanning light ophthalmoscope retinal montaging},
  journal = {Biomedical Optics Express},
  year = {2018},
  volume = {9},
  pages = {4317--4328},
  publisher = {Optical Society of America}
}

@TECHREPORT{cigdem2005,
  author = {Demir, Cigdem and Yener, Bulent},
  title = {Automated cancer diagnosis based on histopathological images: a systematic
	survey},
  institution = {Rensselaer Polytechnic Institute, Department of Computer Science},
  year = {2005},
  owner = {mukesh},
  pages = {1--16},
  timestamp = {2012.08.09}
}

@ARTICLE{Diamant2017,
  author = {Idit Diamant and Eyal Klang and Michal Amitai and Eli Konen and Jacob
	Goldberger and Hayit Greenspan},
  title = {Task-Driven Dictionary Learning Based on Mutual Information for Medical
	Image Classification},
  journal = {IEEE Transactions on Biomedical Engineering},
  year = {2017},
  volume = {64},
  pages = {1380--1392},
  doi = {10.1109/tbme.2016.2605627},
  publisher = {Institute of Electrical and Electronics Engineers ({IEEE})}
}

@ARTICLE{Dieterle2003,
  author = {Frank Dieterle and Silvia Musller-Hagedorn and Hartmut M Liebich
	and Gunter Gauglitz},
  title = {Urinary nucleosides as potential tumor markers evaluated by learning
	vector quantization},
  journal = {Artificial Intelligence in Medicine},
  year = {2003},
  volume = {28},
  pages = {265--279},
  month = {July,},
  doi = {10.1016/s0933-3657(03)00058-7},
  publisher = {Elsevier {BV}}
}

@ARTICLE{yang2014,
  author = {Dixit, Manish and Upadhyay, Nikita and Silakari, Sanjay},
  title = {An exhaustive survey on nature inspired optimization algorithms},
  journal = {International Journal of Software Engineering and Its Applications},
  year = {2015},
  volume = {9},
  pages = {91--104}
}

@ARTICLE{dorigo2006,
  author = {Dorigo, Marco and Birattari, Mauro and St{\"u}tzle, Thomas},
  title = {Ant colony optimization},
  journal = {IEEE Computational Intelligence Magazine},
  year = {2006},
  volume = {1},
  pages = {28--39}
}

@INPROCEEDINGS{Dorko2003,
  author = {Dork{\'o}, Gyuri and Schmid, Cordelia},
  title = {Selection of Scale-Invariant Parts for Object Class Recognition.},
  booktitle = {Proc. of International Conference on Computer Vision, Beijing, China,
	pp. 634--640},
  year = {2003},
  owner = {raju.pal},
  timestamp = {2019.06.18}
}

@INPROCEEDINGS{doyle2008,
  author = {Doyle, Scott and Agner, Shannon and Madabhushi, Anant and Feldman,
	Michael and Tomaszewski, John},
  title = {Automated grading of breast cancer histopathology using spectral
	clustering with textural and architectural image features},
  booktitle = {IEEE International Symposium on Biomedical Imaging: From Nano to
	Macro, Paris, France, pp. 496--499},
  year = {2008},
  month = {May,}
}

@ARTICLE{Doyle2012,
  author = {S. Doyle and M. Feldman and J. Tomaszewski and A. Madabhushi},
  title = {A Boosted Bayesian Multiresolution Classifier for Prostate Cancer
	Detection From Digitized Needle Biopsies},
  journal = {IEEE Transactions on Biomedical Engineering},
  year = {2012},
  volume = {59},
  pages = {1205--1218},
  month = {May},
  doi = {10.1109/tbme.2010.2053540},
  publisher = {Institute of Electrical and Electronics Engineers ({IEEE})}
}

@INPROCEEDINGS{du2009,
  author = {Du, Dawei and Simon, Dan and Ergezer, Mehmet},
  title = {Biogeography-based optimization combined with evolutionary strategy
	and immigration refusal},
  booktitle = {Proc. of IEEE International Conference on Systems, Man and Cybernetics,
	Texas, USA, pp. 997--1002},
  year = {2009},
  owner = {raju.pal},
  timestamp = {2019.06.14}
}

@INPROCEEDINGS{du2006,
  author = {Du, Haifeng and Wu, Xiaodong and Zhuang, Jian},
  title = {Small-world optimization algorithm for function optimization},
  booktitle = {Proc. of Springer International Conference on Natural Computation,
	China},
  year = {pp. 264--273, 2006}
}

@ARTICLE{dundar2011,
  author = {Dundar, M Murat and Badve, Sunil and Bilgin, Gokhan and Raykar, Vikas
	and Jain, Rohit and Sertel, Olcay and Gurcan, Metin N},
  title = {Computerized classification of intraductal breast lesions using histopathological
	images},
  journal = {IEEE Transactions on Biomedical Engineering},
  year = {2011},
  volume = {58},
  pages = {1977--1984},
  publisher = {IEEE}
}

@INPROCEEDINGS{durand2013,
  author = {Durand, Thibaut and Thome, Nicolas and Cord, Matthieu and Avila,
	Sandra},
  title = {Image classification using object detectors},
  booktitle = {Proc. of IEEE International Conference on Image Processing, Melbourne,
	Australia, pp. 4340--4344},
  year = {2013}
}

@ARTICLE{Esgiar1998,
  author = {A. Nasser Esgiar and R.N.G. Naguib and B.S. Sharif and M.K. Bennett
	and A. Murray},
  title = {Microscopic image analysis for quantitative measurement and feature
	identification of normal and cancerous colonic mucosa},
  journal = {{IEEE} Transactions on Information Technology in Biomedicine},
  year = {1998},
  volume = {2},
  pages = {197--203},
  doi = {10.1109/4233.735785},
  publisher = {Institute of Electrical and Electronics Engineers ({IEEE})}
}

@BOOK{eurell2013,
  title = {Dellmann's textbook of veterinary histology},
  publisher = {John Wiley \& Sons},
  year = {2013},
  author = {Eurell, Jo Ann and Frappier, Brian L},
  owner = {raju.pal},
  timestamp = {2019.06.14}
}

@ARTICLE{feng2014,
  author = {Feng, Quanxi and Liu, Sanyang and Zhang, Jianke and Yang, Guoping
	and Yong, Longquan},
  title = {Biogeography-based optimization with improved migration operator
	and self-adaptive clear duplicate operator},
  journal = {Applied intelligence},
  year = {2014},
  volume = {41},
  pages = {563--581},
  owner = {raju.pal},
  publisher = {Springer},
  timestamp = {2019.06.14}
}

@ARTICLE{fournier2001,
  author = {Fournier, J{\'e}r{\^o}me and Cord, Matthieu and Philipp-Foliguet,
	Sylvie},
  title = {Retin: A content-based image indexing and retrieval system},
  journal = {Pattern Analysis \& Applications},
  year = {2001},
  volume = {4},
  pages = {153--173},
  publisher = {Springer}
}

@ARTICLE{gonen2011multiple,
  author = {G{\"o}nen, Mehmet and Alpayd{\i}n, Ethem},
  title = {Multiple kernel learning algorithms},
  journal = {Journal of Machine Learning Research},
  year = {2011},
  volume = {12},
  pages = {2211--2268}
}

@INPROCEEDINGS{gao2010,
  author = {Gao, Shenghua and Tsang, Ivor Wai-Hung and Chia, Liang-Tien and Zhao,
	Peilin},
  title = {Local features are not lonely--Laplacian sparse coding for image
	classification},
  booktitle = {IEEE Computer Society Conference on Computer Vision and Pattern Recognition,
	California, USA, pp. 3555--3561},
  year = {2010}
}

@ARTICLE{Garg2016,
  author = {Vanita Garg and Kusum Deep},
  title = {Performance of Laplacian Biogeography-Based Optimization Algorithm
	on {CEC} 2014 continuous optimization benchmarks and camera calibration
	problem},
  journal = {Swarm and Evolutionary Computation},
  year = {2016},
  volume = {27},
  pages = {132--144},
  month = {Apr},
  owner = {raju.pal},
  publisher = {Elsevier {BV}},
  timestamp = {2019.06.14}
}

@ARTICLE{Gemert2010,
  author = {Jan C van Gemert and Cor J Veenman and Arnold W M Smeulders and Jan-Mark
	Geusebroek},
  title = {Visual Word Ambiguity},
  journal = {{IEEE} Transactions on Pattern Analysis and Machine Intelligence},
  year = {2010},
  volume = {32},
  pages = {1271--1283},
  month = {Jul},
  doi = {10.1109/tpami.2009.132},
  publisher = {Institute of Electrical and Electronics Engineers ({IEEE})}
}

@INPROCEEDINGS{georgescu2003,
  author = {Georgescu, Bogdan and Shimshoni, Ilan and Meer, Peter},
  title = {Mean Shift Based Clustering in High Dimensions: A Texture Classification
	Example.},
  booktitle = {Proc. of International Conference on Computer Vision, Beijing, China,
	pp. 456-462},
  year = {2003}
}

@ARTICLE{gong2010bbo,
  author = {Gong, Wenyin and Cai, Zhihua and Ling, Charles X},
  title = {DE/BBO: a hybrid differential evolution with biogeography-based optimization
	for global numerical optimization},
  journal = {Soft Computing},
  year = {2010},
  volume = {15},
  pages = {645--665},
  owner = {raju.pal},
  timestamp = {2019.06.19}
}

@ARTICLE{gonge2010,
  author = {Gong, Wenyin and Cai, Zhihua and Ling, Charles X},
  title = {DE/BBO: a hybrid differential evolution with biogeography-based optimization
	for global numerical optimization},
  journal = {Soft Computing},
  year = {2010},
  volume = {15},
  pages = {645--665},
  owner = {raju.pal},
  publisher = {Springer},
  timestamp = {2019.06.14}
}

@ARTICLE{gong2010,
  author = {Gong, Wenyin and Cai, Zhihua and Ling, Charles X and Li, Hui},
  title = {A real-coded biogeography-based optimization with mutation},
  journal = {Applied Mathematics and Computation},
  year = {2010},
  volume = {216},
  pages = {2749--2758},
  owner = {raju.pal},
  publisher = {Elsevier},
  timestamp = {2019.06.14}
}

@ARTICLE{guenoche1991efficient,
  author = {Gu{\'e}noche, Alain and Hansen, Pierre and Jaumard, Brigitte},
  title = {Efficient algorithms for divisive hierarchical clustering with the
	diameter criterion},
  journal = {Journal of Classification},
  year = {1991},
  volume = {8},
  pages = {5--30}
}

@INPROCEEDINGS{guha1998cure,
  author = {Guha, Sudipto and Rastogi, Rajeev and Shim, Kyuseok},
  title = {CURE: an efficient clustering algorithm for large databases},
  booktitle = {ACM Sigmod Record},
  year = {pp. 73--84, 1998},
  volume = {27}
}

@ARTICLE{guo2015,
  author = {Guo, Weian and Wang, Lei and Ge, Shuzhi Sam and Ren, Hongliang and
	Mao, Yanfen},
  title = {Drift analysis of mutation operations for biogeography-based optimization},
  journal = {Soft Computing},
  year = {2015},
  volume = {19},
  pages = {1881--1892},
  owner = {raju.pal},
  publisher = {Springer},
  timestamp = {2019.06.14}
}

@ARTICLE{gurcan2009,
  author = {Gurcan, M. N. and Boucheron, L. E. and Can, A. and Madabhushi, A.
	and Rajpoot, N. M. and Yener, B.},
  title = {Histopathological Image Analysis: A Review},
  journal = {IEEE Reviews in Biomedical Engineering},
  year = {2009},
  volume = {2},
  pages = {147-171},
  owner = {Nona},
  timestamp = {2012.05.09}
}

@INPROCEEDINGS{gutierrez2013,
  author = {Guti{\'e}rrez, Ricardo and Rueda, Andrea and Romero, Eduardo},
  title = {Learning semantic histopathological representation for basal cell
	carcinoma classification},
  booktitle = {Proc. of SPIE, Medical Imaging 2013: Digital Pathology, Florida,
	United States, pp. 48--54},
  year = {2013},
  month = {March},
  owner = {raju.pal},
  timestamp = {2019.01.19}
}

@INPROCEEDINGS{hacioglu2003,
  author = {Hacioglu, Kadri and Ward, Wayne},
  title = {Question classification with support vector machines and error correcting
	codes},
  booktitle = {Proc. of the Conference of the North American Chapter of the Association
	for Computational Linguistics on Human Language Technology, USA,
	pp. 28--30},
  year = {2003}
}

@ARTICLE{Han2015,
  author = {Hao Han and Lihong Li and Fangfang Han and Bowen Song and William
	Moore and Zhengrong Liang},
  title = {Fast and Adaptive Detection of Pulmonary Nodules in Thoracic {CT}
	Images Using a Hierarchical Vector Quantization Scheme},
  journal = {{IEEE} Journal of Biomedical and Health Informatics},
  year = {2015},
  volume = {19},
  pages = {648--659},
  month = {Mar},
  doi = {10.1109/jbhi.2014.2328870},
  publisher = {Institute of Electrical and Electronics Engineers ({IEEE})}
}

@INPROCEEDINGS{harris1988,
  author = {Harris, Christopher G and Stephens, Mike and others},
  title = {A combined corner and edge detector.},
  booktitle = {Proc. of Alvey Vision Conference, Manchester, UK},
  year = {pp. 10--5244, 1988},
  volume = {15}
}

@INPROCEEDINGS{hou2016,
  author = {Hou, Le and Samaras, Dimitris and Kurc, Tahsin M and Gao, Yi and
	Davis, James E and Saltz, Joel H},
  title = {Patch-based convolutional neural network for whole slide tissue image
	classification},
  booktitle = {Proc. of IEEE Conference on Computer Vision and Pattern Recognition,
	Nevada, United States, pp. 2424--2433},
  year = {2016},
  month = {June,}
}

@ARTICLE{Huang2009,
  author = {Po-Whei Huang and Cheng-Hsiung Lee},
  title = {Automatic Classification for Pathological Prostate Images Based on
	Fractal Analysis},
  journal = {{IEEE} Transactions on Medical Imaging},
  year = {2009},
  volume = {28},
  pages = {1037--1050},
  month = {Jul},
  doi = {10.1109/tmi.2009.2012704},
  publisher = {Institute of Electrical and Electronics Engineers ({IEEE})}
}

@INPROCEEDINGS{Huang2011salient,
  author = {Yongzhen Huang and Kaiqi Huang and Yinan Yu and Tieniu Tan},
  title = {Salient coding for image classification},
  booktitle = {Proc. of IEEE Interantional Conference on Computer Vision and Pattern
	Recognition, Colorado, USA},
  year = {pp. 1753--1760, 2011},
  month = {June,},
  doi = {10.1109/cvpr.2011.5995682}
}

@ARTICLE{huang2014,
  author = {Huang, Yongzhen and Wu, Zifeng and Wang, Liang and Tan, Tieniu},
  title = {Feature coding in image classification: A comprehensive study},
  journal = {IEEE Transactions on Pattern Analysis and Machine Intelligence},
  year = {2014},
  volume = {36},
  pages = {493--506},
  publisher = {IEEE}
}

@ARTICLE{icsik2014comparative,
  author = {I{\c{s}}{\i}k, {\c{S}}ahin},
  title = {A comparative evaluation of well-known feature detectors and descriptors},
  journal = {International Journal of Applied Mathematics, Electronics and Computers},
  year = {2014},
  volume = {3},
  pages = {1--6}
}

@ARTICLE{irshad2013,
  author = {Irshad, Humayun and Jalali, Sepehr and Roux, Ludovic and Racoceanu,
	Daniel and Hwee, Lim Joo and Le Naour, Gilles and Capron, Fr{\'e}d{\'e}rique},
  title = {Automated mitosis detection using texture, SIFT features and HMAX
	biologically inspired approach},
  journal = {Journal of Pathology Informatics},
  year = {2013},
  volume = {4},
  pages = {1--7},
  publisher = {Wolters Kluwer--Medknow Publications}
}

@INPROCEEDINGS{jaakkola1999exploiting,
  author = {Jaakkola, Tommi and Haussler, David},
  title = {Exploiting generative models in discriminative classifiers},
  booktitle = {Proc. of Advances in Neural Information Processing Systems, Massachusetts},
  year = {pp. 487--493, 1999}
}

@ARTICLE{jamil2013,
  author = {Jamil, Momin and Yang, Xin-She},
  title = {A literature survey of benchmark functions for global optimisation
	problems},
  journal = {International Journal of Mathematical Modelling and Numerical Optimisation},
  year = {2013},
  volume = {4},
  pages = {150--194},
  owner = {raju.pal},
  publisher = {Inderscience Publishers Ltd},
  timestamp = {2019.06.14}
}

@ARTICLE{Jegou_2012,
  author = {H. Jegou and F. Perronnin and M. Douze and J. Sanchez and P. Perez
	and C. Schmid},
  title = {Aggregating Local Image Descriptors into Compact Codes},
  journal = {{IEEE} Transactions on Pattern Analysis and Machine Intelligence},
  year = {2012},
  volume = {34},
  pages = {1704--1716},
  month = {Sep},
  doi = {10.1109/tpami.2011.235},
  publisher = {Institute of Electrical and Electronics Engineers ({IEEE})}
}

@ARTICLE{jiang2010,
  author = {Jiang, Yu-Gang and Yang, Jun and Ngo, Chong-Wah and Hauptmann, Alexander
	G},
  title = {Representations of keypoint-based semantic concept detection: A comprehensive
	study},
  journal = {IEEE Transactions on Multimedia},
  year = {2010},
  volume = {12},
  pages = {42-53},
  owner = {raju.pal},
  publisher = {IEEE},
  timestamp = {2019.06.14}
}

@ARTICLE{jose2016automatic,
  author = {Jose-Garcia, Adan and G{\'o}mez-Flores, Wilfrido},
  title = {Automatic clustering using nature-inspired metaheuristics: A survey},
  journal = {Applied Soft Computing},
  year = {2016},
  volume = {41},
  pages = {192--213}
}

@ARTICLE{juan2009,
  author = {Juan, Luo and Gwun, Oubong},
  title = {A comparison of sift, pca-sift and surf},
  journal = {International Journal of Image Processing},
  year = {2009},
  volume = {3},
  pages = {143-152},
  owner = {raju.pal},
  timestamp = {2019.06.14}
}

@ARTICLE{julong1989,
  author = {Julong, Deng},
  title = {Introduction to grey system theory},
  journal = {The Journal of Grey System},
  year = {1989},
  volume = {1},
  pages = {1-24},
  owner = {raju.pal},
  timestamp = {2019.06.14}
}

@INPROCEEDINGS{jurie2005,
  author = {Jurie, Frederic and Triggs, Bill},
  title = {Creating efficient codebooks for visual recognition},
  booktitle = {Proc. of  IEEE International Conference on Computer Vision, 2005,
	California, United States},
  year = {pp. 604--610, 2005}
}

@ARTICLE{karypis1999chameleon,
  author = {Karypis, George and Han, Eui-Hong and Kumar, Vipin},
  title = {Chameleon: Hierarchical clustering using dynamic modeling},
  journal = {Computer},
  year = {1999},
  volume = {32},
  pages = {68--75}
}

@ARTICLE{kaveh2012new,
  author = {Kaveh, A and Khayatazad, M},
  title = {A new meta-heuristic method: ray optimization},
  journal = {Computers \& Structures},
  year = {2012},
  volume = {112},
  pages = {283--294}
}

@INCOLLECTION{kennedy2011,
  author = {Kennedy, James},
  title = {Particle swarm optimization},
  booktitle = {Encyclopedia of Machine Learning},
  publisher = {Springer},
  year = {2011}
}

@ARTICLE{kingsland2002,
  author = {Kingsland, Sharon},
  title = {The Theory of Island Biogeography},
  journal = {Journal of the History of Biology},
  year = {2002},
  volume = {35},
  pages = {178--179},
  owner = {raju.pal},
  timestamp = {2019.06.14}
}

@ARTICLE{kohonen1982,
  author = {Kohonen, Teuvo},
  title = {Self-organized formation of topologically correct feature maps},
  journal = {Biological Cybernetics},
  year = {1982},
  volume = {43},
  pages = {59--69},
  publisher = {Springer}
}

@ARTICLE{kumar2017,
  author = {Kumar, Meghana Dinesh and Babaie, Morteza and Zhu, Shujin and Kalra,
	Shivam and Tizhoosh, HR},
  title = {A Comparative Study of CNN, BoVW and LBP for Classification of Histopathological
	Images},
  journal = {arXiv preprint arXiv:1710.01249},
  year = {2017}
}

@INPROCEEDINGS{langham1999using,
  author = {Langham, Annemarie E and Grant, PW},
  title = {Using competing ant colonies to solve k-way partitioning problems
	with foraging and raiding strategies},
  booktitle = {Proc. of Springer European Conference on Artificial Life, Switzerland},
  year = {pp. 621--625, 1999}
}

@INPROCEEDINGS{lee2007efficient,
  author = {Lee, Honglak and Battle, Alexis and Raina, Rajat and Ng, Andrew Y},
  title = {Efficient sparse coding algorithms},
  booktitle = {Proc. of Advances in neural information processing systems, Vancouver,
	Canada},
  year = {pp. 801--808, 2007}
}

@INCOLLECTION{leibe2006,
  author = {Leibe, Bastian and Schiele, Bernt},
  title = {Interleaving object categorization and segmentation},
  booktitle = {Cognitive Vision Systems},
  publisher = {Springer},
  year = {pp. 145--161, 2006}
}

@INPROCEEDINGS{leutenegger2011,
  author = {Leutenegger, Stefan and Chli, Margarita and Siegwart, Roland},
  title = {BRISK: Binary robust invariant scalable keypoints},
  booktitle = {Proc. of  IEEE International Conference on Computer Vision, Tokyo,
	Japan, pp. 2548--2555},
  year = {2011},
  month = {May,}
}

@ARTICLE{li2015,
  author = {Li, Yali and Wang, Shengjin and Tian, Qi and Ding, Xiaoqing},
  title = {A survey of recent advances in visual feature detection},
  journal = {Neurocomputing},
  year = {2015},
  volume = {149},
  pages = {736--751},
  publisher = {Elsevier}
}

@ARTICLE{lim2016,
  author = {Lim, Wee Loon and Wibowo, Antoni and Desa, Mohammad Ishak and Haron,
	Habibollah},
  title = {A biogeography-based optimization algorithm hybridized with tabu
	search for the quadratic assignment problem},
  journal = {Computational Intelligence and Neuroscience},
  year = {2016},
  volume = {2016},
  pages = {27},
  owner = {raju.pal},
  publisher = {Hindawi Publishing Corp.},
  timestamp = {2019.06.14}
}

@ARTICLE{lin2016,
  author = {Lin, Wei-Chao and Tsai, Chih-Fong and Chen, Zong-Yao and Ke, Shih-Wen},
  title = {Keypoint selection for efficient bag-of-words feature generation
	and effective image classification},
  journal = {Information Sciences},
  year = {2016},
  volume = {329},
  pages = {33-51},
  owner = {raju.pal},
  publisher = {Elsevier},
  timestamp = {2019.06.14}
}

@ARTICLE{linde1980,
  author = {Linde, Yoseph and Buzo, Andres and Gray, Robert},
  title = {An algorithm for vector quantizer design},
  journal = {IEEE Transactions on Communications},
  year = {1980},
  volume = {28},
  pages = {84--95},
  publisher = {IEEE}
}

@INPROCEEDINGS{Liu2011,
  author = {Lingqiao Liu and Lei Wang and Xinwang Liu},
  title = {In defense of soft-assignment coding},
  booktitle = {Proc. of  International Conference on Computer Vision, Tokyo, Japan,
	pp. 2486--2493},
  year = {2011},
  month = {Nov},
  doi = {10.1109/iccv.2011.6126534}
}

@ARTICLE{lohokare2013,
  author = {Lohokare, MR and Pattnaik, Shyam S and Panigrahi, Bijaya K and Das,
	Sanjoy},
  title = {Accelerated biogeography-based optimization with neighborhood search
	for optimization},
  journal = {Applied Soft Computing},
  year = {2013},
  volume = {13},
  pages = {2318--2342},
  owner = {raju.pal},
  publisher = {Elsevier},
  timestamp = {2019.06.14}
}

@ARTICLE{lowe2004,
  author = {Lowe, David G},
  title = {Distinctive image features from scale-invariant keypoints},
  journal = {International Journal of Computer Vision},
  year = {2004},
  volume = {60},
  pages = {91--110},
  publisher = {Springer}
}

@ARTICLE{ma2010,
  author = {Ma, Haiping},
  title = {An analysis of the equilibrium of migration models for biogeography-based
	optimization},
  journal = {Information Sciences},
  year = {2010},
  volume = {180},
  pages = {3444--3464},
  owner = {raju.pal},
  publisher = {Elsevier},
  timestamp = {2019.06.14}
}

@ARTICLE{ma2011,
  author = {Ma, Haiping and Simon, Dan},
  title = {Blended biogeography-based optimization for constrained optimization},
  journal = {Engineering Applications of Artificial Intelligence},
  year = {2011},
  volume = {24},
  pages = {517--525},
  owner = {raju.pal},
  publisher = {Elsevier},
  timestamp = {2019.06.14}
}

@ARTICLE{ma2013,
  author = {Ma, Haiping and Simon, Dan and Fei, Minrui and Xie, Zhikun},
  title = {Variations of biogeography-based optimization and Markov analysis},
  journal = {Information Sciences},
  year = {2013},
  volume = {220},
  pages = {492--506},
  owner = {raju.pal},
  publisher = {Elsevier},
  timestamp = {2019.06.14}
}

@ARTICLE{ma2017,
  author = {Ma, Haiping and Simon, Dan and Siarry, Patrick and Yang, Zhile and
	Fei, Minrui},
  title = {Biogeography-based optimization: a 10-year review},
  journal = {IEEE Transactions on Emerging Topics in Computational Intelligence},
  year = {2017},
  volume = {1},
  pages = {391--407},
  owner = {raju.pal},
  publisher = {IEEE},
  timestamp = {2019.06.14}
}

@ARTICLE{ma1999,
  author = {Ma, Wei-Ying and Manjunath, Bangalore S},
  title = {Netra: A toolbox for navigating large image databases},
  journal = {Multimedia Systems},
  year = {1999},
  volume = {7},
  pages = {184--198},
  publisher = {Springer}
}

@CONFERENCE{magee2009,
  author = {Magee, Derek and Treanor, Darren and Crellin, Doreen and Shires,
	Mike and Mohee, Kevin and Quirke, Philip},
  title = {Colour Normalisation in Digital Histopathology Images},
  booktitle = {Proc. of Optical Tissue Image Analysis in Microscopy, Histopathology
	and Endoscopy, United Kingdom, pp. 1--12},
  year = {2009}
}

@BOOK{mahoney1994,
  title = {The mathematical career of Pierre de Fermat, 1601-1665},
  publisher = {Princeton University Press},
  year = {1994},
  author = {Mahoney, Michael Sean},
  owner = {raju.pal},
  timestamp = {2019.06.14}
}

@ARTICLE{mattfeldt2004classification,
  author = {Mattfeldt, Torsten and Trijic, Danilo and Gottfried, Hans-Werner
	and Kestler, Hans A},
  title = {Classification of incidental carcinoma of the prostate using learning
	vector quantization and support vector machines},
  journal = {Analytical Cellular Pathology},
  year = {2004},
  volume = {26},
  pages = {45--55},
  publisher = {Hindawi}
}

@ARTICLE{maulik2000genetic,
  author = {Maulik, Ujjwal and Bandyopadhyay, Sanghamitra},
  title = {Genetic algorithm-based clustering technique},
  journal = {Pattern Recognition},
  year = {2000},
  volume = {33},
  pages = {1455--1465}
}

@ARTICLE{mccann2014,
  author = {McCann, Michael T and Ozolek, John A and Castro, Carlos A and Parvin,
	Bahram and Kovacevic, Jelena},
  title = {Automated histology analysis: Opportunities for signal processing},
  journal = {IEEE Signal Processing Magazine},
  year = {2014},
  volume = {32},
  pages = {78--87},
  publisher = {IEEE}
}

@ARTICLE{meijnen2008,
  author = {Meijnen, P and Peterse, JL and Antonini, N and Rutgers, EJ Th and
	Van De Vijver, MJ},
  title = {Immunohistochemical categorisation of ductal carcinoma in situ of
	the breast},
  journal = {British Journal of Cancer},
  year = {2008},
  volume = {98},
  pages = {137},
  publisher = {Nature Publishing Group}
}

@ARTICLE{mikolajczyk2005,
  author = {Mikolajczyk, Krystian and Schmid, Cordelia},
  title = {A performance evaluation of local descriptors},
  journal = {IEEE Transactions on Pattern Analysis and Machine Intelligence},
  year = {2005},
  volume = {27},
  pages = {1615--1630}
}

@ARTICLE{mikolajczyk2004,
  author = {Mikolajczyk, Krystian and Schmid, Cordelia},
  title = {Scale \& affine invariant interest point detectors},
  journal = {International Journal of Computer Vision},
  year = {2004},
  volume = {60},
  pages = {63--86},
  publisher = {Springer}
}

@INPROCEEDINGS{mikolajczyk2002,
  author = {Mikolajczyk, Krystian and Schmid, Cordelia},
  title = {An affine invariant interest point detector},
  booktitle = {Proc. of European Conference on Computer Vision, Copenhagen, Denmark,
	pp. 128--142},
  year = {2002},
  month = {May}
}

@ARTICLE{mirjalili2015,
  author = {Mirjalili, Seyedali},
  title = {The ant lion optimizer},
  journal = {Advances in Engineering Software},
  year = {2015},
  volume = {83},
  pages = {80--98}
}

@ARTICLE{Mirjalili2015a,
  author = {Mirjalili, Seyedali},
  title = {Moth-flame optimization algorithm: A novel nature-inspired heuristic
	paradigm},
  journal = {Knowledge-Based Systems},
  year = {2015},
  volume = {89},
  pages = {228--249},
  owner = {raju.pal},
  timestamp = {2019.06.19}
}

@ARTICLE{Mirjalili2017,
  author = {Mirjalili, Seyedali and Gandomi, Amir H and Mirjalili, Seyedeh Zahra
	and Saremi, Shahrzad and Faris, Hossam and Mirjalili, Seyed Mohammad},
  title = {Salp Swarm Algorithm: A bio-inspired optimizer for engineering design
	problems},
  journal = {Advances in Engineering Software},
  year = {2017},
  volume = {114},
  pages = {163--191},
  owner = {raju.pal},
  publisher = {Elsevier},
  timestamp = {2019.06.15}
}

@ARTICLE{mirjalili2016,
  author = {Mirjalili, Seyedali and Lewis, Andrew},
  title = {The whale optimization algorithm},
  journal = {Advances in Engineering Software},
  year = {2016},
  volume = {95},
  pages = {51-67},
  owner = {raju.pal},
  publisher = {Elsevier},
  timestamp = {2019.06.15}
}

@ARTICLE{mirjalili2016multi,
  author = {Mirjalili, Seyedali and Mirjalili, Seyed Mohammad and Hatamlou, Abdolreza},
  title = {Multi-verse optimizer: a nature-inspired algorithm for global optimization},
  journal = {Neural Computing and Applications},
  year = {2016},
  volume = {27},
  pages = {495--513}
}

@ARTICLE{mirjalili2014,
  author = {Mirjalili, Seyedali and Mirjalili, Seyed Mohammad and Lewis, Andrew},
  title = {Grey wolf optimizer},
  journal = {Advances in Engineering Software},
  year = {2014},
  volume = {69},
  pages = {46--61},
  owner = {raju.pal},
  publisher = {Elsevier},
  timestamp = {2019.06.15}
}

@INPROCEEDINGS{mittal2016,
  author = {Mittal, Himanshu and Pal, Raju and Kulhari, Ankur and Saraswat, Mukesh},
  title = {Chaotic Kbest gravitational search algorithm (CKGSA)},
  booktitle = {Proc. of International Conference on Contemporary Computing, Noida,
	India, pp. 1--6},
  year = {2016},
  owner = {raju.pal},
  timestamp = {2019.06.15}
}

@INCOLLECTION{Mittal2019,
  author = {Mittal, Himanshu and Saraswat, Mukesh},
  title = {Classification of histopathological images through bag-of-visual-words
	and gravitational search algorithm},
  booktitle = {Proc. of Soft Computing for Problem Solving, pp. 231--241},
  publisher = {Springer},
  year = {2019}
}

@INPROCEEDINGS{Mohamed2017,
  author = {Ali W. Mohamed and Anas A. Hadi and Anas M. Fattouh and Kamal M.
	Jambi},
  title = {{LSHADE} with semi-parameter adaptation hybrid with {CMA}-{ES} for
	solving {CEC} 2017 benchmark problems},
  booktitle = {Proc. of {IEEE} Congress on Evolutionary Computation, Saint Sebastian,
	Spain,  pp. 145-152},
  year = {2017},
  month = {June,},
  owner = {raju.pal},
  timestamp = {2019.06.15}
}

@ARTICLE{Tiwari2019,
  author = {Mostafa, Abdalla and Hassanien, Aboul Ella and Houseni, Mohamed and
	Hefny, Hesham},
  title = {Liver segmentation in MRI images based on whale optimization algorithm},
  journal = {Multimedia Tools and Applications},
  year = {2017},
  volume = {76},
  pages = {24931--24954},
  publisher = {Springer}
}

@INPROCEEDINGS{Naik2008,
  author = {Shivang Naik and Scott Doyle and Shannon Agner and Anant Madabhushi
	and Michael Feldman and John Tomaszewski},
  title = {Automated gland and nuclei segmentation for grading of prostate and
	breast cancer histopathology},
  booktitle = {Proc. of  {IEEE} International Symposium on Biomedical Imaging: From
	Nano to Macro, Paris, France, pp. 284-287},
  year = {2008},
  month = {May},
  doi = {10.1109/isbi.2008.4540988}
}

@INPROCEEDINGS{nayak2013,
  author = {Nayak, Nandita and Chang, Hang and Borowsky, Alexander and Spellman,
	Paul and Parvin, Bahram},
  title = {Classification of tumor histopathology via sparse feature learning},
  booktitle = {IEEE International Symposium on Biomedical Imaging, California, USA,
	pp. 410--413},
  year = {2013},
  month = {June,},
  owner = {raju.pal},
  timestamp = {2019.01.19}
}

@ARTICLE{Niu2014,
  author = {Qun Niu and Letian Zhang and Kang Li},
  title = {A biogeography-based optimization algorithm with mutation strategies
	for model parameter estimation of solar and fuel cells},
  journal = {Energy Conversion and Management},
  year = {2014},
  volume = {86},
  pages = {1173--1185},
  month = {Oct},
  owner = {raju.pal},
  publisher = {Elsevier {BV}},
  timestamp = {2019.06.14}
}

@ARTICLE{Nowakova2018,
  author = {Jana Nowakov{\'{a}} and Michal Pr{\'{\i}}lepok and V{\'{a}}clav Sn{\'{a}}{\v{s}}el},
  title = {Medical Image Retrieval Using Vector Quantization and Fuzzy S-Tree},
  journal = {Journal of Medical Systems},
  year = {2018},
  volume = {42},
  pages = {1--18},
  month = {Apr},
  doi = {10.1007/s10916-018-0957-y},
  publisher = {Springer Nature}
}

@ARTICLE{Ong1996,
  author = {Ong,S. H. and Jin,X. C. and Jayasooriah and Sinniah,R.},
  title = {Image analysis of tissue sections},
  journal = {Computers in Biology and Medicine},
  year = {1996},
  volume = {26},
  pages = {269-279},
  owner = {Nona},
  timestamp = {2012.05.09}
}

@ARTICLE{orlov2008,
  author = {Orlov, Nikita and Shamir, Lior and Macura, Tomasz and Johnston, Josiah
	and Eckley, D Mark and Goldberg, Ilya G},
  title = {WND-CHARM: Multi-purpose image classification using compound image
	transforms},
  journal = {Pattern Recognition Letters},
  year = {2008},
  volume = {29},
  pages = {1684--1693},
  publisher = {Elsevier}
}

@ARTICLE{ozdemir2012,
  author = {Ozdemir, Erdem and Gunduz-Demir, Cigdem},
  title = {A hybrid classification model for digital pathology using structural
	and statistical pattern recognition},
  journal = {IEEE Transactions on Medical Imaging},
  year = {2012},
  volume = {32},
  pages = {474--483},
  publisher = {IEEE}
}

@ARTICLE{pakhira2004,
  author = {Pakhira, Malay K and Bandyopadhyay, Sanghamitra and Maulik, Ujjwal},
  title = {Validity index for crisp and fuzzy clusters},
  journal = {Pattern Recognition},
  year = {2004},
  volume = {37},
  pages = {487--501},
  owner = {raju.pal},
  publisher = {Elsevier},
  timestamp = {2019.06.14}
}

@ARTICLE{Pal2018,
  author = {Pal, Raju and Saraswat, Mukesh},
  title = {A New Bag-of-Features Method using Biogeography-based Optimization
	for Categorization of Histology Images},
  journal = {International Journal of Information Systems \& Management Science},
  year = {2018},
  volume = {1},
  pages = {1--6}
}

@ARTICLE{pal2017a,
  author = {Raju Pal and Mukesh Saraswat},
  title = {Improved Biogeography-based Optimization},
  journal = {International Journal of Advanced Intelligence Paradigms},
  year = {2017},
  volume = {(In Press)},
  owner = {Raju Pal},
  timestamp = {2017.12.12}
}

@ARTICLE{panchal2013,
  author = {Panchal, PM and Panchal, SR and Shah, SK},
  title = {A comparison of SIFT and SURF},
  journal = {International Journal of Innovative Research in Computer and Communication
	Engineering},
  year = {2013},
  volume = {1},
  pages = {323--327}
}

@ARTICLE{peng2016,
  author = {Peng, Xiaojiang and Wang, Limin and Wang, Xingxing and Qiao, Yu},
  title = {Bag of visual words and fusion methods for action recognition: Comprehensive
	study and good practice},
  journal = {Computer Vision and Image Understanding},
  year = {2016},
  volume = {150},
  pages = {109--125},
  publisher = {Elsevier}
}

@INPROCEEDINGS{perronnin2007,
  author = {Perronnin, Florent and Dance, Christopher},
  title = {Fisher kernels on visual vocabularies for image categorization},
  booktitle = {Proc. on  IEEE conference on computer vision and pattern recognition,
	Minneapolis, United States, pp. 1--8},
  year = {2007},
  owner = {raju.pal},
  timestamp = {2019.06.14}
}

@INCOLLECTION{Perronnin2010,
  author = {Florent Perronnin and Jorge S{\'{a}}nchez and Thomas Mensink},
  title = {Improving the Fisher Kernel for Large-Scale Image Classification},
  booktitle = {Proc. of European Conference on Computer Vision, Crete, Greece, pp.143--156},
  publisher = {Springer Berlin Heidelberg},
  year = {2010},
  doi = {10.1007/978-3-642-15561-1_11}
}

@INPROCEEDINGS{philbin2007,
  author = {Philbin, James and Chum, Ondrej and Isard, Michael and Sivic, Josef
	and Zisserman, Andrew},
  title = {Object retrieval with large vocabularies and fast spatial matching},
  booktitle = {Proc. of IEEE Conference on Computer Vision and Pattern Recognition,
	Minneapolis, United States, pp.1--8},
  year = {2007},
  owner = {raju.pal},
  timestamp = {2019.06.14}
}

@INPROCEEDINGS{picard2011,
  author = {Picard, David and Gosselin, Philippe-Henri},
  title = {Improving image similarity with vectors of locally aggregated tensors},
  booktitle = {Proc. of IEEE International Conference on Image Processing, Brussels,
	Belgium, pp. 669--672},
  year = {2011},
  owner = {raju.pal},
  timestamp = {2019.06.14}
}

@ARTICLE{polakowski1997,
  author = {Polakowski, William E and Cournoyer, Donald A and Rogers, Steven
	K and DeSimio, Martin P and Ruck, Dennis W and Hoffmeister, Jeffrey
	W and Raines, Richard A},
  title = {Computer-aided breast cancer detection and diagnosis of masses using
	difference of Gaussians and derivative-based feature saliency},
  journal = {IEEE Transactions on Medical Imaging},
  year = {1997},
  volume = {16},
  pages = {811--819},
  publisher = {IEEE}
}

@ARTICLE{pourahmad2016,
  author = {Pourahmad, Saeedeh and Pourhashemi, Soudabeh and Mohammadianpanah,
	Mohammad},
  title = {Colorectal Cancer Staging Using Three Clustering Methods Based on
	Preoperative Clinical Findings},
  journal = {Asian Pacific Journal of Cancer Prevention},
  year = {2016},
  volume = {17},
  pages = {823--827},
  publisher = {Asian Pacific Organization for Cancer Prevetion}
}

@INPROCEEDINGS{qureshi2009,
  author = {Qureshi, Hammad and Rajpoot, Nasir and Nattkemper, Tim Wilhelm and
	Hans, Volkmar},
  title = {A Robust Adaptive Wavelet-based Method for Classification of Meningioma
	Histology Images},
  booktitle = {Proc. of  Workshop on Optical Tissue Image Analysis in Microscopy,
	Histology, and Endoscopy, MICCAI, London, pp. 31--42},
  year = {2009}
}

@ARTICLE{rashedi2009,
  author = {Rashedi, Esmat and Nezamabadi-Pour, Hossein and Saryazdi, Saeid},
  title = {GSA: a gravitational search algorithm},
  journal = {Information Sciences},
  year = {2009},
  volume = {179},
  pages = {2232--2248}
}

@INPROCEEDINGS{raza2011,
  author = {Raza, S Hussain and Parry, R Mitchell and Moffitt, Richard A and
	Young, Andrew N and Wang, May D},
  title = {An analysis of scale and rotation invariance in the bag-of-features
	method for histopathological image classification},
  booktitle = {International Conference on Medical Image Computing and Computer-Assisted
	Intervention, Toronto, Canada, pp. 66--74},
  year = {2011}
}

@INPROCEEDINGS{raza2010,
  author = {Raza, S Hussain and Parry, R Mitchell and Sharma, Yachna and Chaudry,
	Qaiser and Moffitt, Richard A and Young, AN and Wang, May D},
  title = {Automated classification of renal cell carcinoma subtypes using bag-of-features},
  booktitle = {Proc. of Annual International Conference of the IEEE Engineering
	in Medicine and Biology, Buenos Aires, Argentina, pp. 6749--6752},
  year = {2010}
}

@INPROCEEDINGS{rublee2011,
  author = {Rublee, Ethan and Rabaud, Vincent and Konolige, Kurt and Bradski,
	Gary R},
  title = {ORB: An efficient alternative to SIFT or SURF.},
  booktitle = {Proc. of IEEE International Conference on Computer Vision Workshops,
	Barcelona, Spain, pp. 2564--2571},
  year = {2011}
}

@INPROCEEDINGS{rueda2012bag,
  author = {Rueda, Andrea and Arevalo, John and Cruz, Angel and Romero, Eduardo
	and Gonz{\'a}lez, Fabio A},
  title = {Bag of features for automatic classification of Alzheimer{\'s} disease
	in magnetic resonance images},
  booktitle = {Proc. of Iberoamerican Congress on Pattern Recognition, Buenos Aires,
	Argentina, pp. 559--566},
  year = {2012}
}

@INPROCEEDINGS{sallehuddin2008,
  author = {Sallehuddin, Roselina and Shamsuddin, Siti Mariyam Hj and Hashim,
	Siti Zaiton Mohd},
  title = {Application of grey relational analysis for multivariate time series},
  booktitle = {Proc. of International Conference on Intelligent Systems Design and
	Applications, Kaohsiung, Taiwan, pp. 432--437},
  year = {2008},
  owner = {raju.pal},
  timestamp = {2019.06.14}
}

@INPROCEEDINGS{sanghavi2016,
  author = {Sanghavi, Foram M and Agaian, Sos S},
  title = {Automated classification of histopathology images of prostate cancer
	using a Bag-of-Words approach},
  booktitle = {Proc. of Mobile Multimedia/Image Processing, Security, and Applications,
	Maryland, United States, pp. 98690T},
  year = {2016}
}

@ARTICLE{saraswat2013,
  author = {Saraswat, Mukesh and Arya, K.V. and Sharma, Harish},
  title = {Leukocyte segmentation in tissue images using differential evolution
	algorithm},
  journal = {Swarm and Evolutionary Computation},
  year = {2013},
  volume = {11},
  pages = {46--54},
  issn = {2210-6502},
  owner = {nona-vihan},
  timestamp = {2013.03.10}
}

@ARTICLE{saremi2014,
  author = {Saremi, Shahrzad and Mirjalili, Seyedali and Lewis, Andrew},
  title = {Biogeography-based optimisation with chaos},
  journal = {Neural Computing and Applications},
  year = {2014},
  volume = {25},
  pages = {1077--1097},
  owner = {raju.pal},
  publisher = {Springer},
  timestamp = {2019.06.14}
}

@ARTICLE{saxena2017review,
  author = {Saxena, Amit and Prasad, Mukesh and Gupta, Akshansh and Bharill,
	Neha and Patel, Om Prakash and Tiwari, Aruna and Er, Meng Joo and
	Ding, Weiping and Lin, Chin Teng},
  title = {A review of clustering techniques and developments},
  journal = {Neurocomputing},
  year = {2017},
  volume = {267},
  pages = {664--681}
}

@INPROCEEDINGS{saygili2015,
  author = {Saygili, Ahmet and Uysal, Gunalp and Bilgin, Gokhan},
  title = {Comparative analysis of codeword representation by clustering methods
	for the classification of histological tissue types},
  booktitle = {Proc. of  International Conference on Machine Vision, Barcelona,
	Spain, pp. 98750U},
  year = {2015}
}

@ARTICLE{schmid2000,
  author = {Schmid, Cordelia and Mohr, Roger and Bauckhage, Christian},
  title = {Evaluation of interest point detectors},
  journal = {International Journal of Computer Vision},
  year = {2000},
  volume = {37},
  pages = {151--172},
  publisher = {Springer}
}

@ARTICLE{selim1991simulated,
  author = {Selim, Shokri Z and Alsultan, K1},
  title = {A simulated annealing algorithm for the clustering problem},
  journal = {Pattern Recognition},
  year = {1991},
  volume = {24},
  pages = {1003--1008}
}

@ARTICLE{Sertel2008,
  author = {Olcay Sertel and Jun Kong and Umit V. Catalyurek and Gerard Lozanski
	and Joel H. Saltz and Metin N. Gurcan},
  title = {Histopathological Image Analysis Using Model-Based Intermediate Representations
	and Color Texture: Follicular Lymphoma Grading},
  journal = {Journal of Signal Processing Systems},
  year = {2008},
  volume = {55},
  pages = {169--183},
  month = {May},
  doi = {10.1007/s11265-008-0201-y},
  publisher = {Springer Science and Business Media {LLC}}
}

@INPROCEEDINGS{Sertel2008a,
  author = {Olcay Sertel and Jun Kong and Gerard Lozanski and Arwa Shanaah and
	Umit Catalyurek and Joel Saltz and Metin Gurcan},
  title = {Texture classification using nonlinear color quantization: Application
	to histopathological image analysis},
  booktitle = {Proc. of International Conference on Acoustics, Speech and Signal
	Processing, Taipei, Taiwan, pp. 597--600},
  year = {2008},
  month = {Mar},
  doi = {10.1109/icassp.2008.4517680}
}

@ARTICLE{shah2011principal,
  author = {Shah-Hosseini, Hamed},
  title = {Principal components analysis by the galaxy-based search algorithm:
	a novel metaheuristic for continuous optimisation},
  journal = {International Journal of Computational Science and Engineering},
  year = {2011},
  volume = {6},
  pages = {132--140}
}

@ARTICLE{shah2009,
  author = {Shah-Hosseini, Hamed},
  title = {The intelligent water drops algorithm: a nature-inspired swarm-based
	optimization algorithm},
  journal = {International Journal of Bio-Inspired Computation},
  year = {2009},
  volume = {1},
  pages = {71--79}
}

@ARTICLE{shamir2008,
  author = {Shamir, Lior and Orlov, Nikita and Eckley, D Mark and Macura, Tomasz
	and Johnston, Josiah and Goldberg, Ilya G},
  title = {WNFCHRM--an open source utility for biological image analysis},
  journal = {Source Code for Biology and Medicine},
  year = {2008},
  volume = {3},
  pages = {13},
  owner = {raju.pal},
  publisher = {BioMed Central},
  timestamp = {2019.06.14}
}

@BOOK{simon2013,
  title = {Evolutionary optimization algorithms},
  publisher = {John Wiley \& Sons},
  year = {pp. 1--772, 2013},
  author = {Simon, Dan},
  owner = {raju.pal},
  timestamp = {2019.06.14}
}

@ARTICLE{Simon2008,
  author = {Simon, Dan},
  title = {Biogeography-based optimization},
  journal = {IEEE Transactions on Evolutionary Computation},
  year = {2008},
  volume = {12},
  pages = {702--713}
}

@ARTICLE{simon2014,
  author = {Simon, Dan and Omran, Mahamed GH and Clerc, Maurice},
  title = {Linearized biogeography-based optimization with re-initialization
	and local search},
  journal = {Information Sciences},
  year = {2014},
  volume = {267},
  pages = {140--157},
  owner = {raju.pal},
  publisher = {Elsevier},
  timestamp = {2019.06.14}
}

@INPROCEEDINGS{sivic2003,
  author = {Sivic, Josef and Zisserman, Andrew},
  title = {Video Google: A text retrieval approach to object matching in videos},
  booktitle = {IEEE International Conference on Computer Vision, France, pp. 1470--1478,},
  year = {2003},
  month = {Oct.,}
}

@INPROCEEDINGS{sommer2012learning,
  author = {Sommer, Christoph and Fiaschi, Luca and Hamprecht, Fred A and Gerlich,
	Daniel W},
  title = {Learning-based mitotic cell detection in histopathological images},
  booktitle = {Proc. of the International Conference on Pattern Recognition, Tsukuba,
	Japan, pp. 2306--2309},
  year = {2012}
}

@ARTICLE{Spanhol2016,
  author = {Fabio A. Spanhol and Luiz S. Oliveira and Caroline Petitjean and
	Laurent Heutte},
  title = {A Dataset for Breast Cancer Histopathological Image Classification},
  journal = {{IEEE} Transactions on Biomedical Engineering},
  year = {2016},
  volume = {63},
  pages = {1455--1462},
  month = {Jul},
  doi = {10.1109/tbme.2015.2496264},
  owner = {raju.pal},
  publisher = {Institute of Electrical and Electronics Engineers ({IEEE})},
  timestamp = {2019.06.19}
}

@ARTICLE{srinivas2014,
  author = {Srinivas, Umamahesh and Mousavi, Hojjat Seyed and Monga, Vishal and
	Hattel, Arthur and Jayarao, Bhushan},
  title = {Simultaneous sparsity model for histopathological image representation
	and classification},
  journal = {IEEE Transactions on Medical Imaging},
  year = {2014},
  volume = {33},
  pages = {1163--1179},
  publisher = {IEEE}
}

@ARTICLE{Stanciu2014,
  author = {Stefan G. Stanciu and Shuoyu Xu and Qiwen Peng and Jie Yan and George
	A. Stanciu and Roy E. Welsch and Peter T. C. So and Gabor Csucs and
	Hanry Yu},
  title = {Experimenting Liver Fibrosis Diagnostic by Two Photon Excitation
	Microscopy and Bag-of-Features Image Classification},
  journal = {Scientific Reports},
  year = {2014},
  volume = {4},
  pages = {4636-4656},
  month = {Apr},
  publisher = {Springer Science and Business Media {LLC}}
}

@ARTICLE{stathonikos2013,
  author = {Stathonikos, Nikolas and Veta, Mitko and Huisman, Andr{\'e} and van
	Diest, Paul J},
  title = {Going fully digital: Perspective of a Dutch academic pathology lab},
  journal = {Journal of Pathology Informatics},
  year = {2013},
  volume = {4},
  pages = {114--129},
  publisher = {Wolters Kluwer--Medknow Publications}
}

@ARTICLE{storn1997,
  author = {Storn, Rainer and Price, Kenneth},
  title = {Differential Evolution-A Simple and Efficient Heuristic for global
	Optimization over Continuous Spaces},
  journal = {Journal of Global Optimization},
  year = {1997},
  volume = {11},
  pages = {341-359},
  issn = {0925-5001},
  issue = {4},
  keyword = {Business and Economics},
  owner = {nona-vihan},
  publisher = {Springer Netherlands},
  timestamp = {2013.03.10}
}

@ARTICLE{theodorsson1987,
  author = {Theodorsson-Norheim, Elvar},
  title = {Friedman and Quade tests: BASIC computer program to perform nonparametric
	two-way analysis of variance and multiple comparisons on ranks of
	several related samples},
  journal = {Computers in Biology and Medicine},
  year = {1987},
  volume = {17},
  pages = {85--99},
  owner = {raju.pal},
  publisher = {Elsevier},
  timestamp = {2019.06.14}
}

@ARTICLE{Tropp2007,
  author = {Joel A. Tropp and Anna C. Gilbert},
  title = {Signal Recovery From Random Measurements Via Orthogonal Matching
	Pursuit},
  journal = {{IEEE} Transactions on Information Theory},
  year = {2007},
  volume = {53},
  pages = {4655--4666},
  month = {Dec},
  doi = {10.1109/tit.2007.909108},
  publisher = {Institute of Electrical and Electronics Engineers ({IEEE})}
}

@ARTICLE{tuytelaars2008,
  author = {Tuytelaars, Tinne and Mikolajczyk, Krystian and others},
  title = {Local invariant feature detectors: a survey},
  journal = {Foundations and Trends{\textregistered} in Computer Graphics and
	Vision},
  year = {2008},
  volume = {3},
  pages = {177--280},
  publisher = {Now Publishers, Inc.}
}

@INPROCEEDINGS{tuzel2006,
  author = {Tuzel, Oncel and Porikli, Fatih and Meer, Peter},
  title = {Region covariance: A fast descriptor for detection and classification},
  booktitle = {Proc. of European conference on computer vision, Graz, Austria, pp.
	589--600},
  year = {2006}
}

@ARTICLE{van2010,
  author = {Van Gemert, Jan C and Veenman, Cor J and Smeulders, Arnold WM and
	Geusebroek, Jan-Mark},
  title = {Visual word ambiguity},
  journal = {IEEE Transactions on Pattern Analysis and Machine Intelligence},
  year = {2010},
  volume = {32},
  pages = {1271--1283},
  owner = {raju.pal},
  publisher = {IEEE},
  timestamp = {2019.06.14}
}

@ARTICLE{vu2016,
  author = {Vu, Tiep Huu and Mousavi, Hojjat Seyed and Monga, Vishal and Rao,
	Ganesh and Rao, UK Arvind},
  title = {Histopathological image classification using discriminative feature-oriented
	dictionary learning},
  journal = {IEEE Transactions on Medical Imaging},
  year = {2016},
  volume = {35},
  pages = {738--751},
  owner = {raju.pal},
  publisher = {IEEE},
  timestamp = {2019.01.19}
}

@ARTICLE{Wagner2012,
  author = {Wagner, Andrew and Wright, John and Ganesh, Arvind and Zhou, Zihan
	and Mobahi, Hossein and Ma, Yi},
  title = {Toward a practical face recognition system: Robust alignment and
	illumination by sparse representation},
  journal = {IEEE Transactions on Pattern Analysis and Machine Intelligence},
  year = {2012},
  volume = {34},
  pages = {372--386},
  owner = {raju.pal},
  publisher = {IEEE},
  timestamp = {2019.06.14}
}

@ARTICLE{wang2001,
  author = {Wang, CCL and Chen, S-F and Yuen, Matthew Ming Fai},
  title = {Fuzzy part family formation based on grey relational analysis},
  journal = {The International Journal of Advanced Manufacturing Technology},
  year = {2001},
  volume = {18},
  pages = {128-132},
  owner = {raju.pal},
  publisher = {Springer},
  timestamp = {2019.06.14}
}

@ARTICLE{wang2013,
  author = {Wang, Ching-Wei and Chen, Hsiang-Chou},
  title = {Improved image alignment method in application to x-ray images and
	biological images},
  journal = {Bioinformatics},
  year = {2013},
  volume = {29},
  pages = {1879--1887},
  publisher = {Oxford University Press}
}

@ARTICLE{wang2014,
  author = {Wang, Gai-Ge and Gandomi, Amir H and Alavi, Amir H and Hao, Guo-Sheng},
  title = {Hybrid krill herd algorithm with differential evolution for global
	numerical optimization},
  journal = {Neural Computing and Applications},
  year = {2014},
  volume = {25},
  pages = {297--308}
}

@ARTICLE{Wang2014a,
  author = {Haibo Wang and Angel Cruz-Roa and Ajay Basavanhally and Hannah Gilmore
	and Natalie Shih and Mike Feldman and John Tomaszewski and Fabio
	Gonzalez and Anant Madabhushi},
  title = {Mitosis detection in breast cancer pathology images by combining
	handcrafted and convolutional neural network features},
  journal = {Journal of Medical Imaging},
  year = {2014},
  volume = {1},
  pages = {034003},
  month = {Oct},
  doi = {10.1117/1.jmi.1.3.034003},
  publisher = {{SPIE}-Intl Soc Optical Eng}
}

@INCOLLECTION{wang2015,
  author = {Wang, Jingdong and Wang, Jing and Ke, Qifa and Zeng, Gang and Li,
	Shipeng},
  title = {Fast Approximate $ $ K $ $ K-Means via Cluster Closures},
  booktitle = {Multimedia Data Mining and Analytics},
  publisher = {Springer},
  year = {pp.373--395, 2015},
  owner = {raju.pal},
  timestamp = {2019.06.14}
}

@INPROCEEDINGS{Wang2010,
  author = {Wang, Jinjun and Yang, Jianchao and Yu, Kai and Lv, Fengjun and Huang,
	Thomas and Gong, Yihong},
  title = {Locality-constrained linear coding for image classification},
  booktitle = {Proc. of IEEE computer society conference on computer vision and
	pattern recognition, California, United States, pp. 3360--3367},
  year = {2010}
}

@ARTICLE{Wang2016,
  author = {Shuihua Wang and Siyuan Lu and Zhengchao Dong and Jiquan Yang and
	Ming Yang and Yudong Zhang},
  title = {Dual-Tree Complex Wavelet Transform and Twin Support Vector Machine
	for Pathological Brain Detection},
  journal = {Applied Sciences},
  year = {2016},
  volume = {6},
  pages = {169},
  month = {June},
  doi = {10.3390/app6060169},
  publisher = {{MDPI} {AG}}
}

@INPROCEEDINGS{wiliem2013classification,
  author = {Wiliem, Arnold and Wong, Yongkang and Sanderson, Conrad and Hobson,
	Peter and Chen, Shaokang and Lovell, Brian C},
  title = {Classification of human epithelial type 2 cell indirect immunofluoresence
	images via codebook based descriptors},
  booktitle = {Proc. of Workshop on Applications of Computer Vision, Clearwater,
	Florida, pp. 95--102},
  year = {2013}
}

@ARTICLE{wilson2000,
  author = {Wilson, D Randall and Martinez, Tony R},
  title = {Reduction techniques for instance-based learning algorithms},
  journal = {Machine Learning},
  year = {2000},
  volume = {38},
  pages = {257--286},
  owner = {raju.pal},
  publisher = {Springer},
  timestamp = {2019.06.18}
}

@ARTICLE{wolpert1997,
  author = {Wolpert, David H and Macready, William G},
  title = {No free lunch theorems for optimization},
  journal = {IEEE Transactions on Evolutionary Computation},
  year = {1997},
  volume = {1},
  pages = {67--82}
}

@ARTICLE{wright2009,
  author = {Wright, John and Yang, Allen Y and Ganesh, Arvind and Sastry, S Shankar
	and Ma, Yisri},
  title = {Robust face recognition via sparse representation},
  journal = {IEEE Transactions on Pattern Analysis and Machine Intelligence},
  year = {2009},
  volume = {31},
  pages = {210--227},
  owner = {raju.pal},
  publisher = {IEEE},
  timestamp = {2019.06.14}
}

@ARTICLE{wu2016,
  author = {Wu, Guohua and Mallipeddi, R and Suganthan, PN},
  title = {Problem Definitions and Evaluation Criteria for the CEC 2017 Competition
	on Constrained Real-Parameter Optimization},
  journal = {National University of Defense Technology, Changsha, Hunan, PR China
	and Kyungpook National University, Daegu, South Korea and Nanyang
	Technological University, Singapore, Technical Report},
  year = {2016},
  owner = {raju.pal},
  timestamp = {2019.06.14}
}

@ARTICLE{xu2016deep,
  author = {Xu, Jun and Luo, Xiaofei and Wang, Guanhao and Gilmore, Hannah and
	Madabhushi, Anant},
  title = {A deep convolutional neural network for segmenting and classifying
	epithelial and stromal regions in histopathological images},
  journal = {Neurocomputing},
  year = {2016},
  volume = {191},
  pages = {214--223},
  owner = {raju.pal},
  publisher = {Elsevier},
  timestamp = {2019.01.19}
}

@ARTICLE{xu2016,
  author = {Xu, Jun and Xiang, Lei and Liu, Qingshan and Gilmore, Hannah and
	Wu, Jianzhong and Tang, Jinghai and Madabhushi, Anant},
  title = {Stacked sparse autoencoder (SSAE) for nuclei detection on breast
	cancer histopathology images},
  journal = {IEEE Transactions on Medical Imaging},
  year = {2016},
  volume = {35},
  pages = {119--130},
  owner = {raju.pal},
  publisher = {IEEE},
  timestamp = {2019.01.19}
}

@ARTICLE{xu2014,
  author = {Xu, Qian and Varadarajan, Srenivas and Chakrabarti, Chaitali and
	Karam, Lina J},
  title = {A distributed canny edge detector: algorithm and FPGA implementation},
  journal = {IEEE Transactions on Image Processing},
  year = {2014},
  volume = {23},
  pages = {2944--2960},
  publisher = {IEEE}
}

@ARTICLE{xu2005survey,
  author = {Xu, Rui and Wunsch, Donald C},
  title = {Survey of clustering algorithms},
  journal = {IEEE Transactions on Neural Networks},
  year = {2005},
  volume = {16},
  pages = {645--678}
}

@INPROCEEDINGS{xu2013,
  author = {Xu, Zheng Guang and Chen, Chen and Liu, Xu Hong},
  title = {An Efficient View-Point Invariant Detector and Descriptor},
  booktitle = {Advanced Materials Research},
  year = {2013},
  volume = {659},
  pages = {143--148},
  organization = {Trans Tech Publ},
  owner = {raju.pal},
  timestamp = {2019.06.14}
}

@ARTICLE{yager1994approximate,
  author = {Yager, Ronald R and Filev, Dimitar P},
  title = {Approximate clustering via the mountain method},
  journal = {IEEE Transactions on Systems, Man, and Cybernetics},
  year = {1994},
  volume = {24},
  pages = {1279--1284}
}

@ARTICLE{yang2013,
  author = {Yang, Fan and Deng, Zhen-Sheng and Fan, Qiu-Hong},
  title = {A method for fast automated microscope image stitching},
  journal = {Micron},
  year = {2013},
  volume = {48},
  pages = {17--25},
  publisher = {Elsevier}
}

@INPROCEEDINGS{Yang2009,
  author = {Yang, Jianchao and Yu, Kai and Gong, Yihong and Huang, Thomas S and
	others},
  title = {Linear spatial pyramid matching using sparse coding for image classification.},
  booktitle = {Proc. of IEEE Conference on Computer Vision and Pattern Recognition,
	Florida, United States, pp. 179--1801},
  year = {2009}
}

@INPROCEEDINGS{yang2010,
  author = {Yang, Jianchao and Yu, Kai and Huang, Thomas},
  title = {Efficient highly over-complete sparse coding using a mixture model},
  booktitle = {Proc. of European Conference on Computer Vision, Crete, Greece, pp.
	113--126},
  year = {2010},
  owner = {raju.pal},
  timestamp = {2019.06.14}
}

@INPROCEEDINGS{Yu2010,
  author = {Yu, Kai and Zhang, Tong},
  title = {Improved Local Coordinate Coding using Local Tangents},
  booktitle = {Proc. of International Conference on Machine Learning, Haifa, Israel,
	pp. 1--8},
  year = {2010}
}

@INPROCEEDINGS{Yu2009,
  author = {Yu, Kai and Zhang, Tong and Gong, Yihong},
  title = {Nonlinear learning using local coordinate coding},
  booktitle = {Proc. of Advances in neural information processing systems, Vancouver,
	Canada, pp. 2223--2231},
  year = {2009}
}

@ARTICLE{zana2001,
  author = {Zana, Frederic and Klein, J-C},
  title = {Segmentation of vessel-like patterns using mathematical morphology
	and curvature evaluation},
  journal = {IEEE Transactions on Image Processing},
  year = {2001},
  volume = {10},
  pages = {1010--1019},
  publisher = {IEEE}
}

@INPROCEEDINGS{zhang1996birch,
  author = {Zhang, Tian and Ramakrishnan, Raghu and Livny, Miron},
  title = {BIRCH: an efficient data clustering method for very large databases},
  booktitle = {Proc. of ACM Sigmod Record},
  year = {pp. 103 -- 114, 1996}
}

@ARTICLE{zhang2011image,
  author = {Zhang, Yong and Huang, Dan and Ji, Min and Xie, Fuding},
  title = {Image segmentation using PSO and PCM with Mahalanobis distance},
  journal = {Expert Systems with Applications},
  year = {2011},
  volume = {38},
  pages = {9036--9040}
}

@ARTICLE{Zhang2015,
  author = {Yu-Dong Zhang and Shufang Chen and Shui-Hua Wang and Jian-Fei Yang
	and Preetha Phillips},
  title = {Magnetic resonance brain image classification based on weighted-type
	fractional Fourier transform and nonparallel support vector machine},
  journal = {International Journal of Imaging Systems and Technology},
  year = {2015},
  volume = {25},
  pages = {317--327},
  month = {Nov.},
  doi = {10.1002/ima.22144},
  publisher = {Wiley}
}

@INPROCEEDINGS{zhao2012,
  author = {Zhao, Xin and Yu, Yinan and Huang, Yongzhen and Huang, Kaiqi and
	Tan, Tieniu},
  title = {Feature coding via vector difference for image classification},
  booktitle = {Proc. of IEEE International Conference on Image Processing,  Vienna,
	Austria, pp. 3121--3124},
  year = {2012},
  month = {Apr.},
  owner = {raju.pal},
  timestamp = {2019.06.14}
}

@ARTICLE{zheng2017,
  author = {Zheng, Yushan and Jiang, Zhiguo and Xie, Fengying and Zhang, Haopeng
	and Ma, Yibing and Shi, Huaqiang and Zhao, Yu},
  title = {Feature extraction from histopathological images based on nucleus-guided
	convolutional neural network for breast lesion classification},
  journal = {Pattern Recognition},
  year = {2017},
  volume = {71},
  pages = {14--25},
  publisher = {Elsevier}
}

@ARTICLE{zheng2014,
  author = {Zheng, Yu-Jun and Ling, Hai-Feng and Wu, Xiao-Bei and Xue, Jin-Yun},
  title = {Localized biogeography-based optimization},
  journal = {Soft Computing},
  year = {2014},
  volume = {18},
  pages = {2323--2334},
  owner = {raju.pal},
  publisher = {Springer},
  timestamp = {2019.06.14}
}

@INCOLLECTION{Zhou2015,
  author = {Xingxing Zhou and Shuihua Wang and Wei Xu and Genlin Ji and Preetha
	Phillips and Ping Sun and Yudong Zhang},
  title = {Detection of Pathological Brain in {MRI} Scanning Based on Wavelet-Entropy
	and Naive Bayes Classifier},
  booktitle = {Bioinformatics and Biomedical Engineering},
  publisher = {Springer International Publishing},
  year = {pp. 201--209, 2015},
  doi = {10.1007/978-3-319-16483-0_20}
}

@INPROCEEDINGS{Zhou2010,
  author = {Zhou, Xi and Yu, Kai and Zhang, Tong and Huang, Thomas S},
  title = {Image classification using super-vector coding of local image descriptors},
  booktitle = {Proc. of European Conference on Computer Vision, Crete, Greece, pp.
	141--154},
  year = {2010},
  __markedentry = {[raju3:]}
}

@INPROCEEDINGS{Zhou2014,
  author = {Yin Zhou and Hang Chang and Kenneth Barner and Paul Spellman and
	Bahram Parvin},
  title = {Classification of Histology Sections via Multispectral Convolutional
	Sparse Coding},
  booktitle = {Proc. of IEEE Conference on Computer Vision and Pattern Recognition,
	Columbus, Ohio, pp. 3081--3088},
  year = {2014},
  month = {Jun},
  doi = {10.1109/cvpr.2014.394}
}

@MISC{BlueHist:online,
  title = {Blue Histology - Epithelia and Glands},
  howpublished = {\url{http://www.lab.anhb.uwa.edu.au/mb140/corepages/epithelia/epithel.htm}},
  note = {(Accessed on 13/04/2018)},
  owner = {raju.pal},
  timestamp = {2019.06.14}
}

@ELECTRONIC{cancer2010,
  title = {Review of national cancer control activity in {Australia} - {Ch}
	07: Diagnostic and assessment services},
  organization = {{Australian} {Government} {Cancer Australia}, 2010},
  owner = {mukesh},
  timestamp = {2012.08.09}
}

@InProceedings{dalal2005histograms,
  author    = {Dalal, Navneet and Triggs, Bill},
  title     = {Histograms of oriented gradients for human detection},
  booktitle = {Proc. of International Conference on Computer Vision \& Pattern Recognition, California, United States, pp. 886--893},
  year      = {2005},
  volume    = {1},
}

@Comment{jabref-meta: databaseType:biblatex;}
